@Preamble{ " \newcommand{\noop}[1]{} " }

% a do-nothing command that serves a purpose

@InProceedings{Leroy2001,
  author    = {Leroy, Xavier},
  booktitle = {Computer Aided Verification},
  title     = {Java Bytecode Verification: An Overview},
  year      = {2001},
  address   = {Berlin, Heidelberg},
  editor    = {Berry, G{\'e}rard and Comon, Hubert and Finkel, Alain},
  pages     = {265--285},
  publisher = {Springer Berlin Heidelberg},
  abstract  = {Bytecode verification is a crucial security component for Java applets, on the Web and on embedded devices such as smart cards. This paper describes the main bytecode verification algorithms and surveys the variety of formal methods that have been applied to bytecode verification in order to establish its correctness.},
  doi       = {10.1007/3-540-44585-4_26},
  isbn      = {978-3-540-44585-2}
}

